@ONLINE{bean_scopes,
key = {Bean Scopes},
title = {http://my.safaribooksonline.com/book/programming/9781449324513/4dot-sprinT-spring/\_Bean\_Scopes\_Html},
url = {http://my.safaribooksonline.com/book/programming/9781449324513/4dot-sprinT-spring/\_Bean\_Scopes\_Html}
}

@ONLINE{grails_services,
key = {Grails Services},
title = {http://grails.org/doc/latest/guide/services.html},
url = {http://grails.org/doc/latest/guide/services.html}
}

@ONLINE{grails_business_logic,
key = {Grails Business Logic},
title = {http://bartling.blogspot.pt/2012/05/allocating-business-logic-in-grails.html},
url = {http://bartling.blogspot.pt/2012/05/allocating-business-logic-in-grails.html}
}

@ONLINE{bean_scopes_2,
key = {Bean Scopes 2},
title = {http://docs.spring.io/spring/docs/3.0.0.M3/reference/html/ch04s04.html},
url = {http://docs.spring.io/spring/docs/3.0.0.M3/reference/html/ch04s04.html}
}

@ONLINE{bean_scopes_3,
key = {Bean Scopes 3},
title = {http://docs.spring.io/spring/docs/3.0.0.M3/reference/html/ch04s04.html},
url = {http://docs.spring.io/spring/docs/3.0.0.M3/reference/html/ch04s04.html}
}

@ONLINE{key_1,
key = {key 1},
title = {http://architects.dzone.com/articles/setup-redis-session-store},
url = {http://architects.dzone.com/articles/setup-redis-session-store}
}

@ONLINE{key_2,
key = {key 2},
title = {http://tomcat.apache.org/connectors-doc/webserver\_howto/apache.html},
url = {http://tomcat.apache.org/connectors-doc/webserver\_howto/apache.html}
}

@ONLINE{key_3,
key = {key 3},
title = {http://www.davidghedini.com/pg/entry/install\_tomcat\_6\_on\_centos},
url = {http://www.davidghedini.com/pg/entry/install\_tomcat\_6\_on\_centos}
}

@ONLINE{key_4,
key = {key 4},
title = {http://www.cyberciti.biz/tips/howto-performance-benchmarks-a-web-server.html},
url = {http://www.cyberciti.biz/tips/howto-performance-benchmarks-a-web-server.html}
}

@ONLINE{key_5,
key = {key 5},
title = {http://redis.io/documentation},
url = {http://redis.io/documentation}
}

@ONLINE{key_6,
key = {key 6},
title = {http://cbonte.github.io/haproxy-dconv/configuration-1.5.html},
url = {http://cbonte.github.io/haproxy-dconv/configuration-1.5.html}
}


@ONLINE{key_7,
key = {key 7},
title = {http://robertoarruda.wordpress.com/tag/grails/},
url = {http://robertoarruda.wordpress.com/tag/grails/}
}

@ONLINE{key_8,
key = {key 8},
title = {https://devcenter.heroku.com/articles/getting-started-with-grails},
url = {https://devcenter.heroku.com/articles/getting-started-with-grails}
}

@ONLINE{key_9,
key = {key 9},
title = {http://stackoverflow.com/questions/6251950/pagination-using-ajax-in-jquery-datatables},
url = {http://stackoverflow.com/questions/6251950/pagination-using-ajax-in-jquery-datatables}
}

@ONLINE{key_10,
key = {key 10},
title = {https://blog.apigee.com/detail/restful\_api\_design\_nouns\_are\_good\_verbs\_are\_bad},
url = {https://blog.apigee.com/detail/restful\_api\_design\_nouns\_are\_good\_verbs\_are\_bad}
}

@ONLINE{key_10,
key = {key 10},
title = {http://www.vinaysahni.com/best-practices-for-a-pragmatic-restful-api},
url = {http://www.vinaysahni.com/best-practices-for-a-pragmatic-restful-api}
}

@ONLINE{key_11,
key = {key 11},
title = {http://en.m.wikipedia.org/wiki/OAuth},
url = {http://en.m.wikipedia.org/wiki/OAuth}
}






